@article{chap_5_set_figure_1,
author = {Cardinal, J.},
year = {2019},
month = {04},
pages = {56-78},
title = {Sets, Graphs, and Things We Can See: A Formal Combinatorial Ontology for Empirical Intra-Site Analysis},
volume = {2},
journal = {Journal of Computer Applications in Archaeology},
doi = {10.5334/jcaa.16}
}